@article{brys:1,
 title={Concreteness ratings for 40 thousand generally known English word lemmas},
 volume={46},
 DOI={10.3758/s13428-013-0403-5},
 number={3},
  journal={Behavior Research Methods},
  author={Brysbaert, Marc and Warriner, Amy Beth and Kuperman, Victor},
  year={2013},
  pages={904-911},
  }
  
  @book{paivio:2,
  place={New York},
   title={Imagery and text},
   publisher={Routledge},
   author={Sadoski, Mark and Paivio, Allan},
   year={2013}
   }